
@book{Boothroyd2006,
	title = {Fundamentals of Machining and Machine Tools},
	isbn = {1574446592},
	language = {en},
	publisher = {Taylor & Fracis Group},
	author = {Boothroyd, G. and Winston A.},
	year = {2006}
}






@article{young_manufacturing_2007,
	title = {Manufacturing knowledge sharing in {PLM}: a progression towards the use of heavy weight ontologies},
	volume = {45},
	issn = {0020-7543},
	shorttitle = {Manufacturing knowledge sharing in {PLM}},
	note = {Available at \url{http://www.informaworld.com/10.1080/00207540600942268}},
	doi = {10.1080/00207540600942268},
	number = {7},
	urldate = {2010-08-09},
	journal = {International Journal of Production Research},
	author = {Young, R. I. M. and Gunendran, A. G. and Cutting-Decelle, A. F. and Grüninger, M.},
	year = {2007},
	pages = {1505}
}

@article{li_integrity_2011,
	title = {Integrity validation in semantic engineering design environment},
	volume = {62},
	issn = {0166-3615},
		note = {Available at \url{http://www.sciencedirect.com/science/article/B6V2D-5196KHD-1/2/51f9b25d98aa53e7475072573e933330}},
	doi = {10.1016/j.compind.2010.09.006},
	
	number = {3},
	urldate = {2011-05-10},
	journal = {Computers in Industry},
	author = {Li, Xun and Yoo, Sang Bong},
	year = {2011},
	keywords = {collaborative design environment, Database trigger, Design rule, Integrity validation, Ontology, semantic Web},
	pages = {281--291}
}



@article{Ramosmop,
	author = {Ramos, Luis and Gil, Richard and Anastasiou, Dimitra and Martin-Bautista, Maria J.},
	title = {Towards a Machine of a Process (MOP) Ontology to Facilitate e-Commerce of Industrial Machinery},
	journal = {Computer in Industry},
	issue_date = {January, 2014},
	volume = {65},
	number = {1},
	month = jan,
	year = {2014},
	issn = {0166-3615},
	pages = {108--115},
	numpages = {8},
		note = {Available at \url{http://dx.doi.org/10.1016/j.compind.2013.07.012}},
	doi = {10.1016/j.compind.2013.07.012},
	acmid = {2561352},
	publisher = {Elsevier Science Publishers B. V.},
	address = {Amsterdam, The Netherlands, The Netherlands},
	keywords = {Machine-tools, Manufacturing, Ontology, Ontology learning, Semantic Web}
} 







@article{chiu_investigation_2011,
	title = {Investigation of the applicability of Design for X tools during design concept evolution: a literature review},
	volume = {13},
		note = {Available at \url{http://www.inderscience.com/search/index.php?action=record&rec_id=38869}},
	doi = {10.1504/IJPD.2011.038869},
	number = {2},
	urldate = {2012-02-28},
	journal = {International Journal of Product Development},
	author = {Chiu, Ming-Chuan and Kremer, Gul E. Okudan},
	year = {2011},
	
	pages = {132 -- 167}
}



@article{chungoora_towards_2010,
	title = {Towards expressive ontology-based approaches to manufacturing knowledge representation and sharing},
	volume = {23},
	issn = {0951-192X},
		note = {Available at \url{http://dx.doi.org/10.1080/0951192X.2010.518976}},
	doi = {10.1080/0951192X.2010.518976},
	number = {12},
	urldate = {2012-05-08},
	journal = {International Journal of Computer Integrated Manufacturing},
	author = {Chungoora, Nitishal and Canciglieri,Jr., Osiris and Young, R. I. M.},
	year = {2010}
}

@article{jo_concurrent_1991,
	title = {Concurrent engineering: The manufacturing philosophy for the 90's},
	volume = {21},
	issn = {0360-8352},
	shorttitle = {Concurrent engineering},
		note = {Available at \url{http://www.sciencedirect.com/science/article/pii/036083529190059F}},
	doi = {10.1016/0360-8352(91)90059-F},
	
	number = {1–4},
	urldate = {2012-02-15},
	journal = {Computers \& Industrial Engineering},
	author = {Jo, Hyeon H. and Parsaei, Hamid R. and Wong, Julius P.},
	year = {1991},
	pages = {35--39}
}


@misc{autocad_2010,
	title = {{AutoCAD}},
	note = {Available at:{\url{http://usa.autodesk.com/adsk/servlet/pc/\\index?siteID=123112&id=13779270}}},
	author = {Autodesk},
	year = {2010}
}



@article{vegetti_pronto:_2011,
	title = {PRONTO: An ontology for comprehensive and consistent representation of product information},
	volume = {24},
	issn = {0952-1976},
		note = {Available at \url{http://www.sciencedirect.com/science/article/pii/S0952197611000388}},
	doi = {10.1016/j.engappai.2011.02.014},
	number = {8},
	urldate = {2011-11-08},
	journal = {Engineering Applications of Artificial Intelligence},
	author = {Vegetti, Marcela and Leone, Horacio and Henning, Gabriela},
	year = {2011},
	pages = {1305--1327}
}



@inproceedings{ramos_toward_2010,
	address = {Shanghai, China},
	title = {Toward Dynamic Ontologies for the Industrial Manufacturing Domain},
	booktitle = {Proceedings of the 4th International Workshop on Ontology Dynamics},
	publisher = {Giorgos Flouris, Guilin Qi},
	author = {Ramos, Luis},
	month = nov,
	year = {2010}
}




@article{alsafi_ontology-based_2010,
	title = {Ontology-based reconfiguration agent for intelligent mechatronic systems in flexible manufacturing},
	volume = {26},
		note = {Available at \url{http://portal.acm.org/citation.cfm?id=1787007}},
	number = {4},
	urldate = {2010-08-18},
	journal = {Robot. Comput.-Integr. Manuf.},
	author = {Alsafi, Yazen and Vyatkin, Valeriy},
	year = {2010},
	keywords = {intelligent automation, Ontology, reconfiguration},
	pages = {381--391}
}



@article{buzacott_flexible_1986,
	title = {Flexible Manufacturing Systems: A Review of Analytical Models},
	volume = {32},
	issn = {0025-1909},
		note = {Available at \url{http://www.jstor.org/stable/2631769}},
	number = {7},
	urldate = {2012-02-21},
	journal = {Management Science},
	author = {Buzacott, J. A. and Yao, David D.},
	month = jul,
	year = {1986},
	pages = {890--905},
}



@article{toro_improving_2006,
	title = {Improving Virtual Reality Applications in CAD through Semantics},
		note = {Available at \url{http://citeseerx.ist.psu.edu/viewdoc/summary?doi=10.1.1.103.7933}},
	urldate = {2010-08-09},
	author = {Toro, Carlos and Posada, Jorge and Wundrak, Stefan and Stork, André},
	year = {2006}
}






@misc{catia_catia_2010,
	title = {{CATIA} - {Virtual} {Design} for {Product} {Excellence}},
	note = {Available at:{\url{http://www.3ds.com/products/catia/welcome/}}},
	publisher = {Dassault Sytemes},
	author = {CATIA},
	year = {2010}
}

@article{martin_design_2003,
	title = {Design of a production system: an application of integration product-process},
	volume = {16},
	issn = {0951-192X},
	shorttitle = {Design of a production system},
		note = {Available at \url{http://www.informaworld.com/10.1080/0951192031000115831}},
	doi = {10.1080/0951192031000115831},
	number = {7},
	urldate = {2010-08-20},
	journal = {International Journal of Computer Integrated Manufacturing},
	author = {Martin, Patrick and D'Acunto, Alain},
	year = {2003},
	pages = {509}
}


@book{dorr_cad-cam_1987,
	title = {CAD-CAM zwischen Traum und Wirklichkeit},
	isbn = {978-3-921451-33-5},
	language = {de},
	publisher = {RKW},
	author = {Dorr, Hans J.},
	year = {1987}
}

@inproceedings{ramos_ontological_2010,
	address = {Florence, Italy},
	title = {Ontological CAD Data Interoperability Framework},
		note = {Available at \url{http://www.iaria.org/conferences2010/ProgramSEMAPRO10.html}},
	author = {Ramos, L},

	year = {2010}
}



@article{abouel_nasr_new_2006,
	title = {A new methodology for extracting manufacturing features from {CAD} system},
	volume = {51},
	issn = {0360-8352},
		note = {Available at \url{http://www.sciencedirect.com/science/article/B6V27-4KWK0XH-1/2/35ae41e99f0ae03adf28edf401482ef9}},
	doi = {10.1016/j.cie.2006.08.004},
	number = {3},
	urldate = {2010-05-02},
	journal = {Computers \& Industrial Engineering},
	author = {Abouel Nasr, Emad S. and Kamrani, Ali K.},
	year = {2006},
	keywords = {CAD, CAM, CAPP, CIM, DXF, Feature recognition, IGES},
	pages = {389--415}
}

@inproceedings{ramos_garcia_ontology-based_2011,
	address = {Bonn, Germany},
	title = {An Ontology-Based Feature Recognition and Design Rule Checker for Engineering},
	author = {Ramos, García, Luis Enrique and García, Alexander and Bateman, John},
	year = {2011}
}

@misc{enhance_2011,
	title = {Enhance Machine Controller - EMC},
	note = {Available at:\url{http://www.linuxcnc.org/content/view/11/10/lang,english/}},
	year = {2011},
	author ={linuxcnc}
}

@article{posada_using_2006,
	title = {Using ontologies and {STEP} standards for the semantic simplification of CAD models in different engineering domains},
	volume = {1},
		note = {Available at \url{http://iospress.metapress.com/content/1XBR3P1MVJD7NT4P}},
	number = {3},
	urldate = {2010-08-09},
	journal = {Applied Ontology},
	author = {Posada, Jorge and Toro, Carlos and Wundrak, Stefan and Stork, Andre},
	year = {2006},
	pages = {263--279}
}



@misc{solid_2015,
	address = {Germany},
	title = {Solid Edge},
	note = {Available at:\url{http://www.plm.automation.siemens.com/en\_us/\\products/velocity/solidedge/index.shtml}},
	author = {Siemens},
	year = {2015}
}







@article{harik_computer_2008,
	title = {Computer Aided Process Planning in Aircraft Manufacturing},
	volume = {5},
	issn = {16864360},
		note = {Available at \url{http://webcache.googleusercontent.com/search?q=cache:1aaMT5QblncJ:www.cadanda.com/CAD_5_6__953-962.pdf+computer+aided+process+planing+in+aircraft+industry&cd=1&hl=es&ct=clnk}},
	doi = {10.3722/cadaps.2008.953-962},
	number = {6},
	urldate = {2010-08-03},
	journal = {Computer-Aided Design and Applications},
	author = {Harik, Ramy and Derigent, William and Ris, Gabriel},
	year = {2008}
}

@article{tamma_ontologies_2005,
	title = {Ontologies for supporting negotiation in e-commerce},
	volume = {18},
	issn = {0952-1976},
		note = {Available at \url{http://www.sciencedirect.com/science/article/B6V2M-4FG4B6V-1/2/3eeb0a32ea9a430064fadae0735afb0f}},
	doi = {10.1016/j.engappai.2004.11.011},
	number = {2},
	urldate = {2010-08-09},
	journal = {Engineering Applications of Artificial Intelligence},
	author = {Tamma, Valentina and Phelps, Steve and Dickinson, Ian and Wooldridge, Michael},
	month = mar,
	year = {2005},
	keywords = {Agent negotiation, Ontologies, Semantic web technology},
	pages = {223--236}
}

@article{onitsuka_productivity_1995,
	title = {Productivity evaluation method and design for manufacturability},
	volume = {16},
	issn = {0389-4304},
		note = {Available at \url{http://www.sciencedirect.com/science/article/pii/0389430495000426}},
	doi = {10.1016/0389-4304(95)00042-6},
	
	number = {4},
	urldate = {2012-03-01},
	journal = {JSAE Review},
	author = {Onitsuka, Hiroshi and Eguchi, Kaoru and Miura, Naoaki and Matsumura, Hiroatsu},
	month = oct,
	year = {1995},
	pages = {375--381}
}

@article{dartigues_cad/capp_2007,
	title = {CAD/CAPP Integration using Feature Ontology},
	volume = {15},
		note = {Available at \url{http://cer.sagepub.com/content/15/2/237.abstract}},
	doi = {10.1177/1063293X07079312},
	number = {2},
	urldate = {2010-08-03},
	journal = {Concurrent Engineering},
	author = {Dartigues, Christel and Ghodous, Parisa and Gruninger, Michael and Pallez, Denis and Sriram, Ram},
	month = jun,
	year = {2007},
	pages = {237 --249}
}

@inproceedings{semere_daniel_machining_2007,
	address = {Göteborg, Sweden},
	title = {Machining {Ontology} and {Knowledge} {Modelling}},
		note = {Available at \url{http://alf6.ppd.chalmers.se/Authorsprint_files/F15%20Semere.pdf}},
	author = {Semere, Daniel and Saqib, Dilshad and Lindberg Bengt},
	year = {2007}
}

@misc{proengineer_2015,
	title = {Pro/Engineer},
	note = {Available at:\url{http://www.ptc.com/products/proengineer/}},
	author = {PTC},
	year = {2015}
}

@article{choi_exchange_2003,

	title = {Exchange of CAD Part Models Based on the Macro-Parametric Approach},
	note = {Available at:{\url{http://www.ijcc.org/ojs/index.php/ijcc/article/view/8}}},
	urldate = {2010-08-25},
	volume = {2},
	number = {1},
	author = {Choi, Guk-Heon and Mun, Duhwan and Han, Soonhung Han},
	month = dec,
	year = {2002},
	issn = {1598-1800},
	journal = {International Journal of CAD/CAM},
	keywords = {CAD, Exchange of design intents, Parametric, STEP}
}

@misc{autodesk_dxf_2009,
	title = {DXF Reference},
	howpublished = {Available at:\url{http://images.autodesk.com/adsk/files/\\acad\_dxf1.pdf}},
	author = {Autodesk},
	year = {2009}
}

@article{zhao_owl/swrl_2008,
	title = {OWL/SWRL representation methodology for EXPRESS-driven product information model},
	volume = {59},
		note = {Available at \url{http://portal.acm.org/citation.cfm?id=1374983}},
	number = {6},
	urldate = {2010-09-22},
	journal = {Computer in Industry},
	author = {Zhao, W. and Liu, J. K.},
	year = {2008},
	pages = {580--589},
}

@incollection{andersen_building_2007,
	title = {Building an Ontology of CAD Model Information},
	isbn = {978-3-540-68783-2},
		note = {Available at \url{http://www.springerlink.com/content/qx4r21362gu59632/abstract/}},
	urldate = {2012-04-26},
	booktitle = {Geometric Modelling, Numerical Simulation, and Optimization},
	publisher = {Springer Berlin Heidelberg},
	author = {Andersen, Odd and Vasilakis, George},
	editor = {Hasle, Geir and Lie, Knut-Andreas and Quak, Ewald},
	year = {2007},
	keywords = {Mathematics and Statistics},
	pages = {11--40}
}

@article{barbau_ontostep:_2012,
	title = {OntoSTEP: Enriching product model data using ontologies},
	volume = {44},
	issn = {0010-4485},
		note = {Available at \url{http://www.sciencedirect.com/science/article/pii/S001044851200022X}},
	doi = {10.1016/j.cad.2012.01.008},
	number = {6},
	urldate = {2012-05-04},
	journal = {Computer-Aided Design},
	author = {Barbau, Raphael and Krima, Sylvere and Rachuri, Sudarsan and Narayanan, Anantha and Fiorentini, Xenia and Foufou, Sebti and Sriram, Ram D.},
	month = jun,
	year = {2012}
}

@misc{krima_ontostep:_2010,
	title = {{OntoSTEP}: {OWL}-{DL} {Ontology} for {STEP}},
	note = {Available at:\url{http://www.nist.gov/customcf/get_pdf.cfm?pub_id=901544}},
	publisher = {National Institute of Standard and Technology},
	author = {Krima, S and Barbau, B and Fiorentini, X and Sudarsan, R and Sriram, R},
	year = {2010}
}

@article{radhakrishnan_design_1996,
	title = {Design rule checker for sheet metal components using medial axis transformation and geometric reasoning},
	volume = {15},
	issn = {0278-6125},
		note = {Available at \url{http://www.sciencedirect.com/science/article/B6VJD-3WCSYR5-4/2/d9445ad0e020aaf6eddebabf222d77dd}},
	doi = {10.1016/0278-6125(96)89570-7},
	
	number = {3},
	urldate = {2011-03-16},
	journal = {Journal of Manufacturing Systems},
	author = {Radhakrishnan, Raj and Amsalu, Araya and Kamran, Mehran and Nnaji, B. O.},
	year = {1996}
}

@article{cheng_process_2003,
	title = {Process Specification Language for project scheduling information exchange},
	volume = {1/4},
		note = {Available at \url{http://www.lboro.ac.uk/it-aec/itaecvol1issue2.htm}},
	journal = {International Journal of IT in Architecture, Engineering and Construction (IT - AEC)},
	author = {Cheng, J and Gruninger, M and Sriram, R and Law, K},
	year = {2003}
}



@article{elmaraghy_flexible_2006,
	title = {Flexible and reconfigurable manufacturing systems paradigms},
	volume = {17},
	issn = {0920-6299, 1572-9370},
		note = {Available at \url{http://www.springerlink.com/content/263341764814101k/}},
	doi = {10.1007/s10696-006-9028-7},
	number = {4},
	urldate = {2012-02-21},
	journal = {International Journal of Flexible Manufacturing Systems},
	author = {ElMaraghy, Hoda A.},
	month = oct,
	year = {2006},
	pages = {261--276}
}

@inproceedings{papavasileiou_cadcam_2002,
	title = {CAD/CAM interfaces - a review},
	volume = {1},
		note = {Available at \url{10.1109/IS.2002.1044287}},
	doi = {10.1109/IS.2002.1044287},
	urldate = {2010-08-03},
	booktitle = {Intelligent Systems, 2002. Proceedings. 2002 First International {IEEE} Symposium},
	author = {Papavasileiou, A. and Gavros, K. and Vasileiadis, V. and Savvidis, S.},
	year = {2002},
	
	pages = {378--382 vol.1}
}



@article{cayiroglu_new_2009,
	title = {A new method for machining feature extracting of objects using 2D technical drawings},
	volume = {41},
		note = {Available at \url{http://portal.acm.org/citation.cfm?id=1663670.1664169}},
	
	number = {12},
	urldate = {2010-05-02},
	journal = {Comput. Aided Des.},
	author = {Cayiroglu, Ibrahim},
	year = {2009},
	keywords = {2d, feature extraction, orthographic projections, technical drawing},
	pages = {1008--1019}
}

@article{gruninger_enterprise_1998,
	title = {Enterprise {Modeling}},
		note = {Available at \url{citeseerx.ist.psu.edu/viewdoc/download?doi=10.1.1.11...}},
	journal = {The American Association for Artificial Intelligence},
	author = {Gruninger, Michael and Fox, Mark},
	year = {1998},
	pages = {109--122}
}

@article{hepp_goodrelations:_2008,
	title = {{GoodRelations}: {An} {Ontology} for {Describing} {Products} and {Services} {Offers} on the {Web}},
	volume = {5268},
	shorttitle = {{GoodRelations}},
	doi = {10.1007/978-3-540-87696-0_29},
	journal = {Business},
	author = {Hepp, Martin},
	year = {2008},
	pages = {329--346}
}

@inproceedings{abdul_ghafour_ontology-based_2006,
	address = {Amsterdam, The Netherlands, The Netherlands},
	title = {An {Ontology}-based {Approach} for {Procedural} {CAD} {Models} {Data} {Exchange}},
	isbn = {1-58603-651-3},
	note = {Available at \url{http://portal.acm.org/citation.cfm?id=1566652.1566692}},
	urldate = {2011-03-18},
	booktitle = {Proceeding of the 2006 conference on {Leading} the {Web} in {Concurrent} {Engineering}: {Next} {Generation} {Concurrent} {Engineering}},
	publisher = {IOS Press},
	author = {Abdul Ghafour, Samer and Ghodous, Parisa and Shariat, Behzad and Perna, Eliane},
	year = {2006},
	note = {ACM ID: 1566692}
}

@misc{step_2015,
	title = {{ST}-{Developer} 14 {Online} {Manuals}},
	note = {Available at:\url{http://www.steptools.com/support/stdev\_docs/}},
	urldate = {2010-09-21},
	author = {StepTools},
	year = {2015}
}

@article{venkatachalam_knowledge-based_1993,
	title = {A knowledge-based approach to design for manufacturability},
	volume = {4},
	issn = {0956-5515, 1572-8145},
		note = {Available at \url{http://www.springerlink.com/content/q424266118661713/}},
	doi = {10.1007/BF00123780},
	number = {5},
	urldate = {2012-02-27},
	journal = {Journal of Intelligent Manufacturing},
	author = {Venkatachalam, A. R. and Mellichamp, Joseph M. and Miller, David M.},
	year = {1993}
}



@inproceedings{abdul-ghafour_common_2007,
	title = {A {Common} {Design}-{Features} {Ontology} for {Product} {Data} {Semantics} {Interoperability}},
	isbn = {0-7695-3026-5},
	note = {Available at \url{http://portal.acm.org/citation.cfm?id=1331888&dl=GUIDE&coll=GUIDE&CFID=86829175&CFTOKEN=89177860}},
	urldate = {2010-05-02},
	booktitle = {Proceedings of the {IEEE}/{WIC}/{ACM} {International} {Conference} on {Web} {Intelligence}},
	publisher = {IEEE Computer Society},
	author = {Abdul-Ghafour, Samer and Ghodous, Parisa and Shariat, Behzad and Perna, Eliane},
	year = {2007},
	pages = {443--446}
}



@misc{mastercam_2012,
	address = {USA},
	title = {{MasterCAM}},
	howpublished = {\url{http://www.mastercam.com}},
	author = {CNC Software, Inc:},
	year = {2012}
}

@inproceedings{fox_organization_1997,
	title = {An {Organization} {Ontology} for {Enterprise} {Modelling}},
	
	booktitle = {Modeling, {In}: {International} {Conference} on {Enterprise} {Integration} {Modelling} {Technology} 97},
	publisher = {Springer},
	author = {Fox, Mark S. and Barbuceanu, Mihai and Gruninger, Michael and Lin, Jinxin},
	year = {1997}
}

@article{huang_dfx_1997,
	title = {The {DFX} shell: {A} generic framework for developing design for {X} tools},
	volume = {13},
	issn = {0736-5845},
	shorttitle = {The {DFX} shell},
		note = {Available at \url{http://www.sciencedirect.com/science/article/pii/S0736584597000069}},
	doi = {10.1016/S0736-5845(97)00006-9},
	number = {3},
	urldate = {2012-03-01},
	journal = {Robotics and Computer-Integrated Manufacturing},
	author = {Huang, G.Q. and Mak, K.L.},
	year = {1997},
	pages = {271--280}
}




@article{tsai_application_2011,
	title = {The {Application} of {Concurrent} {Engineering} in the {Installation} of {Foam} {Fire} {Extinguishing} {Piping} {System}},
	volume = {14},
	issn = {1877-7058},
		note = {Available at \url{http://www.sciencedirect.com/science/article/pii/S187770581101318X}},
	doi = {10.1016/j.proeng.2011.07.241},
	
	urldate = {2011-12-05},
	journal = {Procedia Engineering},
	author = {Tsai, T.P. and Yang, H.C. and Liao, P.H.},
	year = {2011},
	pages = {1920--1928}
}



@INPROCEEDINGS{baqai_integration_2007, 
	author={A. Baqai and A. Siadat and J. Y. Dantan and P. Martin}, 
	booktitle={Digital Information Management, 2007. ICDIM '07. 2nd International Conference on}, 
	title={Integration of a manufacturing ontology with the design of reconfigurable machine tool using function-behavior-structure approach}, 
	year={2007}, 
	volume={1}, 
	pages={473-478}, 
	month={Oct}
	}

@article{babic_review_2008,
	title = {A review of automated feature recognition with rule-based pattern recognition},
	volume = {59},
	issn = {0166-3615},
		note = {Available at \url{http://www.sciencedirect.com/science/article/B6V2D-4R05HYW-1/2/0ecccd27db3934ab443795ef0d8526ee},
	doi = {doi: DOI: 10.1016/j.compind.2007.09.001}},
	number = {4},
	journal = {Computers in Industry},
	author = {Babic, Bojan and Nesic, Nenad and Miljkovic, Zoran},
	year = {2008}
}



@inproceedings{ramos_ontology-based_2011,
	address = {Bonn, Germany},
	title = {Ontology-{Based} {Features} {Recognition} and {Design} {Rules} {Checker} {System}},
		note = {Available at \url{http://iswc2011.semanticweb.org/fileadmin/iswc/Papers/Workshops/OCAS/99990048.pdf}},
	author = {Ramos, Luis and García, Alexander and Bateman, John},
	year = {2011}
}

@article{borgo_role_2004,
	title = {The role of foundational ontologies in manufacturing domain applications},
	volume = {3290/2004},
		note = {Available at \url{http://www.springerlink.com/content/rg5le0daa3vpd5w0/}},
	doi = {10.1007/978-3-540-30468-5_43},
	urldate = {2010-08-26},
	journal = {LNCS},
	author = {Borgo, Stefano and Leitão, Paulo},
	year = {2004},
	pages = {670--688}
}


@book{fadel_generic_1994,
	title = {A {Generic} {Enterprise} {Resource} {Ontology}},
	author = {Fadel, Fadi George and Fox, Mark S. and Gruninger, Michael},
	note = {Available at:\url{http://stl.mie.utoronto.ca/publications/fadel-wetice94.pdf}},
	year = {1994}
}

@misc{wikipedia_contributors_express_2012,
	title = {{EXPRESS} (data modeling language)},
	copyright = {Creative Commons Attribution-ShareAlike License},
	howpublished = {http://en.wikipedia.org/w/index.php?title=EXPRESS_(data_modeling_language)&oldid=485350968},
	language = {en},
	urldate = {2012-04-23},
	journal = {Wikipedia, the free encyclopedia},
	publisher = {Wikimedia Foundation, Inc.},
	author = {{Wikipedia contributors}},
	month = apr,
	year = {2012},
	note = {Page Version ID: 485350968}
}

@article{xiang_ontofox:_2010,
	title = {{OntoFox}: web-based support for ontology reuse},
	volume = {3},
	copyright = {2010 He et al; licensee BioMed Central Ltd.},
	issn = {1756-0500},
	shorttitle = {{OntoFox}},
		note = {Available at \url{http://www.biomedcentral.com/1756-0500/3/175/abstract}},
	doi = {10.1186/1756-0500-3-175},
	language = {en},
	number = {1},
	urldate = {2012-10-18},
	journal = {BMC Research Notes},
	author = {Xiang, Zuoshuang and Courtot, Mélanie and Brinkman, Ryan and Ruttenberg, Alan and He, Yongqun},
	month = jun,
	year = {2010},
	pages = {175},
}

@article{lee_development_2004,
	title = {Development of a semantic product modeling system for initial hull structure in shipbuilding},
	volume = {20},
	issn = {0736-5845},
		note = {Available at \url{http://www.sciencedirect.com/science/article/B6V4P-4B4H9VS-2/2/b99e6acab688079c36223ae56db3e5f9}},
	doi = {10.1016/j.rcim.2003.10.007},
	
	number = {3},
	urldate = {2010-09-30},
	journal = {Robotics and Computer-Integrated Manufacturing},
	author = {Lee, Kyu-Yeul and Lee, Won-Joon and Roh, Myung-Il},
	month = jun,
	year = {2004}
}

@misc{riegel_freecad_2011,
	title = {{FreeCAD}},
	note = {Available at:\url{http://sourceforge.net/search/?type\_of\\\_search=soft&words=freecad}},
	author = {Riegel, J},
	month = jan,
	year = {2011}
}



@incollection{daquin_modular_2009,
	address = {Berlin, Heidelberg},
	title = {Modular {Ontologies}},
	isbn = {978-3-642-01906-7},
		note = {Available at \url{http://dx.doi.org/10.1007/978-3-642-01907-4_4}},
	urldate = {2012-11-23},
	publisher = {Springer-Verlag},
	author = {D'Aquin, Mathieu and Schlicht, Anne and Stuckenschmidt, Heiner and Sabou, Marta},
	editor = {Stuckenschmidt, Heiner and Parent, Christine and Spaccapietra, Stefano},
	year = {2009},
	pages = {67--89}
}


@incollection{frey_concurrent_2011,
	address = {London},
	title = {Concurrent {Engineering} {Yesterday}, {Today} and {Tomorrow}},
	isbn = {978-0-85729-798-3 978-0-85729-799-0},
		note = {Available at \url{http://www.springerlink.com/content/vp0u232x85287362/}},
	urldate = {2012-02-14},
	booktitle = {Improving {Complex} {Systems} {Today}},
	publisher = {Springer London},
	author = {Belay, Alemu Moges and Helo, Petri and Kasie, Fentahun Moges},
	editor = {Frey, Daniel D. and Fukuda, Shuichi and Rock, Georg},
	year = {2011},
	pages = {425--432},
}



@misc{ramos_machine_2011,
	address = {Germany},
	title = {Machine {Ontology}},
	copyright = {Creative Commons Attribution 3.0 Unported License},
	howpublished = {http://sourceforge.net/projects/ontomanufacture/files/mop/},
	urldate = {2011-12-07},
	author = {Ramos, Luis},
	year = {2011}
}



@article{kumar_trends_2005,
	title = {Trends and {Developments} in {Intelligent} {Computer} {Aided} {Design} of {Progressive} {Dies}},
	volume = {6-8},
	issn = {1662-8985},
		note = {Available at \url{http://www.scientific.net/AMR.6-8.241}},
	doi = {10.4028/www.scientific.net/AMR.6-8.241},
	urldate = {2010-11-18},
	journal = {Advanced Materials Research},
	author = {Kumar, S. and Singh, R.},
	year = {2005},
	pages = {241--248}
}


@incollection{jimenez-ruiz_safe_2008,
	series = {Lecture {Notes} in {Computer} {Science}},
	title = {Safe and {Economic} {Re}-{Use} of {Ontologies}: {A} {Logic}-{Based} {Methodology} and {Tool} {Support}},
	volume = {5021},
	isbn = {978-3-540-68233-2},
	shorttitle = {Safe and {Economic} {Re}-{Use} of {Ontologies}},
		note = {Available at \url{http://www.springerlink.com/content/u0186025759637t1/abstract/}},
	urldate = {2012-10-19},
	booktitle = {The {Semantic} {Web}: {Research} and {Applications}},
	publisher = {Springer Berlin / Heidelberg},
	author = {Jiménez-Ruiz, Ernesto and Grau, Bernardo and Sattler, Ulrike and Schneider, Thomas and Berlanga, Rafael},
	editor = {Bechhofer, Sean and Hauswirth, Manfred and Hoffmann, Jörg and Koubarakis, Manolis},
	year = {2008},
	keywords = {Computer science},
	pages = {185--199}
}


@inproceedings{lemaignan_mason:_2006,
	title = {{MASON}: {A} {Proposal} {For} {An} {Ontology} {Of} {Manufacturing} {Domain}},
	shorttitle = {{MASON}},
		note = {Available at \url{10.1109/DIS.2006.48}},
	doi = {10.1109/DIS.2006.48},
	urldate = {2010-08-20},
	booktitle = {Distributed {Intelligent} {Systems}: {Collective} {Intelligence} and {Its} {Applications}, 2006. {DIS} 2006. {IEEE} {Workshop} on},
	author = {Lemaignan, S. and Siadat, A. and Dantan, J.-Y. and Semenenko, A.},
	year = {2006},
	
	pages = {195--200}
}

@inproceedings{hoekstra_polishing_2008,
	address = {Acitrezza, Italy},
	title = {Polishing {Diamonds} in {OWL} 2},
	isbn = {978-3-540-87695-3},
		note = {Available at \url{http://portal.acm.org/citation.cfm?id=1434079}},
	urldate = {2010-08-12},
	booktitle = {Proceedings of the 16th international conference on {Knowledge} {Engineering}: {Practice} and {Patterns}},
	publisher = {Springer-Verlag},
	author = {Hoekstra, Rinke and Breuker, Joost},
	year = {2008},
	pages = {64--73}
}

@misc{holger_eckstein_semantic_2008,
	title = {Semantic {Web} {Open} {Engineering} {Platform} {Final} {Public} {Report}},
	howpublished = {http://www.swop-project.eu/swop-approach/final-public-report/SWOP_STRP-016972_PubFAR_USTUTT_final.pdf/view},
	author = {{Holger Eckstein}},
	year = {2008}
}

@article{koren_reconfigurable_1999,
	title = {Reconfigurable {Manufacturing} {Systems}},
	volume = {48},
	issn = {0007-8506},
		note = {Available at \url{http://www.sciencedirect.com/science/article/pii/S0007850607632326}},
	doi = {10.1016/S0007-8506(07)63232-6},
	number = {2},
	urldate = {2012-02-17},
	journal = {CIRP Annals - Manufacturing Technology},
	author = {Koren, Y. and Heisel, U. and Jovane, F. and Moriwaki, T. and Pritschow, G. and Ulsoy, G. and Van Brussel, H.},
	year = {1999},
	keywords = {Machine tools, Manufacturing system, reconfiguration},
	pages = {527--540}
}

@article{appelqvist_modelling_2004,
	title = {Modelling in product and supply chain design: literature survey and case study},
	volume = {15},
	issn = {1741-038X},
	shorttitle = {Modelling in product and supply chain design},
		note = {Available at \url{http://www.emeraldinsight.com/journals.htm?articleid=851069}},
	doi = {10.1108/17410380410555916},
	number = {7},
	urldate = {2012-02-28},
	journal = {Journal of Manufacturing Technology Management},
	author = {Appelqvist, Patrik and Lehtonen, Juha-Matti and Kokkonen, Jukka},
	month = jan,
	year = {2004},
	pages = {675--686}
}


@inproceedings{ramos_hetereogeneous_2012,
	address = {Graz, Austria},
	title = {Hetereogeneous {Logics} for {Semantic} {Manufacturing}},
	volume = {886},
	isbn = {1313-0073},
		note = {Available at \url{http://ceur-ws.org/Vol-886/}},
	publisher = {CEUR},
	author = {Ramos, Luis},
	month = jul,
	year = {2012},
	pages = {73}
}

@article{shah_functional_1988,
	title = {Functional requirements and conceptual design of the feature-based modelling system},
	volume = {5},
	issn = {0263-9327},
	number = {1},
	journal = {Computer-Aided Engineering Journal},
	author = {Shah, J.J. and Rogers, M.T.},
	year = {1988}
}





@article{yang_product_2009,
	title = {Product configuration knowledge modeling using ontology web language},
	volume = {36},
		note = {Available at \url{http://portal.acm.org/citation.cfm?id=1498283&dl=GUIDE&coll=GUIDE&CFID=95527628&CFTOKEN=31102307}},
	number = {3},
	urldate = {2010-08-03},
	journal = {Expert Syst. Appl.},
	author = {Yang, Dong and Miao, Rui and Wu, Hongwei and Zhou, Yiting},
	year = {2009},
	keywords = {knowledge representation, Ontology, owl, product configuration},
	pages = {4399--4411}
}


@inproceedings{ramos_dynamic_2010,
	address = {Shanghai},
	title = {Dynamic {Ontologies} for the {Industrial} {Manufacturing} {Domain}},
	booktitle = {International {Workshop} on {Ontology} {Dynamics}},
	publisher = {Giorgos Flouris, Guilin Qi},
	author = {Ramos, L},
	month = nov,
	year = {2010}
}

@incollection{jain_2001,
	address = {Oxford},
	title = {- {Computer} {Aided} {Process} {Planning} for {Agile} {Manufacturing} {Environment}},
	isbn = {978-0-08-043567-1},
		note = {Available at \url{http://www.sciencedirect.com/science/article/pii/B9780080435671500279}},
	urldate = {2012-03-01},
	booktitle = {Agile {Manufacturing}: {The} 21st {Century} {Competitive} {Strategy}},
	publisher = {Elsevier Science Ltd},
	author = {Jain, Neelesh K. and Jain, Vijay K.},
	year = {2001},
	pages = {515--534}
}



@inproceedings{keet_use_2011,
	address = {Crete, Greece},
	title = {The use of foundational ontologies in ontology development: an empirical assessment},
		note = {Available at \url{http://data.semanticweb.org/conference/eswc/2011/paper/ontologies/23}},
	author = {Keet, Maria},
	month = jun,
	year = {2011}
}

@misc{ramos_machine_2011-1,
	address = {Germany},
	title = {Machine of a {Process}},
	howpublished = {https://sourceforge.net/projects/ontomanufacture/files/mop/},
	author = {Ramos, Luis and Gil, Richard},
	month = dec,
	year = {2011}
}

@inproceedings{chow_integration_2007,
	address = {Berlin, Heidelberg},
	series = {{CICLing} '07},
	title = {Integration of {Linguistic} {Resources} for {Verb} {Classification}: {FrameNet} {Frame}, {WordNet} {Verb} and {Suggested} {Upper} {Merged} {Ontology}},
	isbn = {978-3-540-70938-1},
	shorttitle = {Integration of {Linguistic} {Resources} for {Verb} {Classification}},
		note = {Available at \url{http://dx.doi.org/10.1007/978-3-540-70939-8_1}},
	doi = {10.1007/978-3-540-70939-8_1},
	urldate = {2012-03-07},
	booktitle = {Proceedings of the 8th {International} {Conference} on {Computational} {Linguistics} and {Intelligent} {Text} {Processing}},
	publisher = {Springer-Verlag},
	author = {Chow, Ian C. and Webster, Jonathan J.},
	year = {2007},
	pages = {1--11}
}

@misc{bateman_oasis_2009,
	title = {{OASIS} common hyper-ontological framework ({COF})},
	note ={Available at:\url{http://www.oasis-project.eu/docs/OFFICIAL\_DELIVERABLES/SP1/D1.2.1/OASIS-D121.pdf}},
	author = {Bateman, Jhon and Castro, Alexander and Normann, Immanuel and Pera, Omar and Garcia, Leyla and Villaveces, Jose-Maria},
	month = jan,
	year = {2009}
}

@misc{ramos_garcia_ontology_2010,
	title = {Ontology and {Semantic} {Web} for {Manufacturing}},
	shorttitle = {osema},
	howpublished = {www.osema.org.ve},
	language = {English},
	publisher = {Luis Enrique Ramos García},
	author = {Ramos García, Luis Enrique},
	month = dec,
	year = {2010}
}




@misc{iges_1997,
	title = {Initial {Graphics} {Exchange} {Specification} 5.3},
	note = {Available at:\url{http://www.uspro.org/documents/IGES5-3\_forDownload.pdf}},
	publisher = {U.S. Product Data Association},
	author = {U.S. Product Data Association, U.S. Product Data Association},
	year = {1997}
}

@inproceedings{keqin_wang_ontology_2008,
	title = {An {Ontology} of {Manufacturing} {Knowledge} for {Design} {Decision} {Support}},
		note = {Available at \url{10.1109/WiCom.2008.2510}},
	doi = {10.1109/WiCom.2008.2510},
	
	urldate = {2010-08-09},
	booktitle = {Wireless {Communications}, {Networking} and {Mobile} {Computing}, 2008. {WiCOM} '08. 4th {International} {Conference} on},
	author = {Keqin Wang and Shurong Tong},
	year = {2008},
	
	pages = {1--5}
}

@inproceedings{conradson_manufacturability_1988,
	title = {Manufacturability tools: an engineer's use and needs},
	shorttitle = {Manufacturability tools},
	doi = {10.1109/EMTS.1988.16168},
	language = {English},
	booktitle = {Electronic {Manufacturing} {Technology} {Symposium}, 1988, '{Design}-to-{Manufacturing} {Transfer} {Cycle}'. {Fifth} {IEEE}/{CHMT} {International}},
	publisher = {IEEE},
	author = {Conradson, S. A and Barford, L. A and Fisher, W. D and Weinstein, M. J and Wilker, J. D},
	month = oct,
	year = {1988},
	pages = {155--158}
}

@article{kjellberg_machine_2009,
	title = {The machine tool model--{A} core part of the digital factory},
	volume = {58},
	issn = {0007-8506},
		note = {Available at \url{http://www.sciencedirect.com/science/article/B8CXH-4W1SGP9-G/2/725ddad6ba71adb44a955ff46acd9124}},
	doi = {10.1016/j.cirp.2009.03.035},
	number = {1},
	urldate = {2010-08-20},
	journal = {CIRP Annals - Manufacturing Technology},
	author = {Kjellberg, T. and von Euler-Chelpin, A. and Hedlind, M. and Lundgren, M. and Sivard, G. and Chen, D.},
	year = {2009},
	keywords = {Machine tool, Model, Ontology},
	pages = {425--428}
}



@incollection{lastra_ontologies_2009,
	title = {Ontologies for {Production} {Automation}},
	isbn = {978-3-540-89783-5},
		note = {Available at \url{http://portal.acm.org/citation.cfm?id=1505694}},
	
	urldate = {2010-08-18},
	booktitle = {Advances in {Web} {Semantics} {I}: {Ontologies}, {Web} {Services} and {Applied} {Semantic} {Web}},
	publisher = {Springer-Verlag},
	author = {Lastra, Jose L. Martinez and Delamer, Ivan M.},
	year = {2009},
	pages = {276--289},
}


@incollection{hepp_ontonavierp:_2008,
	series = {Lecture {Notes} in {Computer} {Science}},
	title = {{OntoNaviERP}: {Ontology}-{Supported} {Navigation} in {ERP} {Software} {Documentation}},
	copyright = {©2008 Springer Berlin Heidelberg},
	isbn = {978-3-540-88563-4 978-3-540-88564-1},
	shorttitle = {{OntoNaviERP}},
		note = {Available at \url{http://link.springer.com/chapter/10.1007/978-3-540-88564-1_49}},
	language = {en},
	number = {5318},
	urldate = {2015-05-01},
	booktitle = {The {Semantic} {Web} - {ISWC} 2008},
	publisher = {Springer Berlin Heidelberg},
	author = {Hepp, Martin and Wechselberger, Andreas},
	editor = {Sheth, Amit and Staab, Steffen and Dean, Mike and Paolucci, Massimo and Maynard, Diana and Finin, Timothy and Thirunarayan, Krishnaprasad},
	year = {2008},
	pages = {764--776}
}

@article{ramos_semantic,
	title = {Semantic Web for Manufacturing, Trends and Open Issues},
	issn = {0360-8352},
		note = {Available at \url{http://www.sciencedirect.com/science/article/pii/S0360835215004064},
	doi = {10.1016/j.cie.2015.10.013}},
	urldate = {2015-10-27},
	journal = {Computers \& Industrial Engineering},
	author = {Ramos, Luis},
	keywords = {CAD, CAM, CAPP, Ontology, Semantic Manufacturing}
}


